@article{kane2005elastic,
  title={Elastic scattering of gamma rays and X-rays},
  author={Kane, PP},
  journal={Radiation Physics and Chemistry},
  volume={74},
  number={6},
  pages={402--410},
  year={2005},
  publisher={Elsevier}
}

@article{kane1986elastic,
  title={Elastic scattering of $\gamma$-rays and X-rays by atoms},
  author={Kane, PP and Kissel, Lynn and Pratt, RH and Roy, SC},
  journal={Physics Reports},
  volume={140},
  number={2},
  pages={75--159},
  year={1986},
  publisher={Elsevier}
}
